<?xml version="1.0" encoding="UTF-8"?><collection xmlns="http://www.loc.gov/MARC21/slim"><record><leader>00583nam--2200181-i-4500</leader><controlfield tag="001">000047651</controlfield><controlfield tag="002">20161230</controlfield><controlfield tag="005">20161230201046</controlfield><controlfield tag="008">060222s1000------------r-----000-0-eng-d</controlfield><datafield ind1=" " ind2=" " tag="040"><subfield code="a">IFIN-HH</subfield></datafield><datafield ind1=" " ind2=" " tag="080"><subfield code="a">536.755</subfield></datafield><datafield ind1="1" ind2=" " tag="100"><subfield code="a">Guminski, Kazimierz</subfield></datafield><datafield ind1="1" ind2="0" tag="245"><subfield code="a">Termodinamica proceselor ireversibile</subfield><subfield code="b">Traducere din limba polona de henry kehiaian</subfield><subfield code="c">Kazimierz guminski</subfield></datafield><datafield ind1=" " ind2=" " tag="260"><subfield code="a">Bucuresti</subfield><subfield code="b">Editura Academiei Rsr</subfield><subfield code="c">1964</subfield></datafield><datafield ind1=" " ind2=" " tag="300"><subfield code="a">132P</subfield></datafield><datafield ind1=" " ind2=" " tag="500"><subfield code="a">Titlul Original In Limba Polona: Termodynamika Procesow Ncodwracalnych</subfield></datafield><datafield ind1=" " ind2=" " tag="852"><subfield code="a">20643</subfield><subfield code="c">536.7</subfield></datafield><datafield ind1=" " ind2=" " tag="CAT"><subfield code="a">Sys</subfield><subfield code="c">20110516</subfield><subfield code="h">162347</subfield></datafield></record></collection>